<collection xmlns="http://www.loc.gov/MARC21/slim">
<record>
  <leader>01052nam0a22002051i 450 </leader>
  <controlfield tag="001">IT\ICCU\CNCE\080215</controlfield>
  <controlfield tag="005">20200702000000.0</controlfield>
  <datafield tag="012" ind1=" " ind2=" ">
    <subfield code="a">urng ats- t.e. Pelo (C) 1597 (A)</subfield>
    <subfield code="2">fei</subfield>
  </datafield>
  <datafield tag="100" ind1=" " ind2=" ">
    <subfield code="a">20200322d1597        0itac0103    ba</subfield>
  </datafield>
  <datafield tag="101" ind1=" " ind2=" ">
    <subfield code="a">ITA</subfield>
    <subfield code="a">ENG</subfield>
  </datafield>
  <datafield tag="102" ind1=" " ind2=" ">
    <subfield code="a">GB</subfield>
  </datafield>
  <datafield tag="200" ind1="1" ind2=" ">
    <subfield code="a">℗The ℗Italian schoole-maister: contayning rules for the perfect pronouncing of th&apos;italian tongue: with familiar speeches: and certaine Phrases taken out of the best Italian authors. And a fine Tuscan historie called Arnalt &amp; Lucenda. A verie easie way to learne th&apos;italian tongue. Set forth by Clau: Holliband gentl. of Bourbonnois ...</subfield>
  </datafield>
  <datafield tag="210" ind1=" " ind2=" ">
    <subfield code="a">At London</subfield>
    <subfield code="c">printed by Thomas Purfoot</subfield>
    <subfield code="d">1597</subfield>
    <subfield code="e">At London</subfield>
    <subfield code="g">printed by Thomas Purfoot</subfield>
    <subfield code="h">1597</subfield>
  </datafield>
  <datafield tag="215" ind1=" " ind2=" ">
    <subfield code="a">\188! c.</subfield>
    <subfield code="d">8ʻh</subfield>
  </datafield>
  <datafield tag="620" ind1=" " ind2=" ">
    <subfield code="a">GB</subfield>
    <subfield code="d">Londra</subfield>
  </datafield>
  <datafield tag="700" ind1=" " ind2="1">
    <subfield code="a">Sainliens,</subfield>
    <subfield code="b">Claude de</subfield>
    <subfield code="3">IT\ICCU\CNCA\030079</subfield>
  </datafield>
  <datafield tag="712" ind1="0" ind2="0">
    <subfield code="a">Purfoot, Thomas</subfield>
    <subfield code="c"> &lt;1.&gt;</subfield>
    <subfield code="3">IT\ICCU\CNCT\006570</subfield>
    <subfield code="4">650</subfield>
  </datafield>
  <datafield tag="790" ind1=" " ind2="0">
    <subfield code="a">Claudius</subfield>
    <subfield code="c"> : Holliband</subfield>
    <subfield code="3">IT\ICCU\CNCA\030080</subfield>
    <subfield code="z">Sainliens, Claude de</subfield>
  </datafield>
  <datafield tag="801" ind1=" " ind2="3">
    <subfield code="a">IT</subfield>
    <subfield code="b">ICCU</subfield>
    <subfield code="c">20201115</subfield>
  </datafield>
  <datafield tag="899" ind1=" " ind2=" ">
    <subfield code="a">Biblioteca Palatina. Parma</subfield>
    <subfield code="1">PR0072</subfield>
    <subfield code="2">PAR PA</subfield>
  </datafield>
</record>
</collection>
